@String(PAMI = {IEEE Trans. Pattern Anal. Mach. Intell.})
@String(IJCV = {Int. J. Comput. Vis.})
@String(CVPR= {IEEE Conf. Comput. Vis. Pattern Recog.})
@String(ICCV= {Int. Conf. Comput. Vis.})
@String(ECCV= {Eur. Conf. Comput. Vis.})
@String(NIPS= {Adv. Neural Inform. Process. Syst.})
@String(NeurIPS= {Adv. Neural Inform. Process. Syst.})
@String(ICPR = {Int. Conf. Pattern Recog.})
@String(BMVC= {Brit. Mach. Vis. Conf.})
@String(TOG= {ACM Trans. Graph.})
@String(TIP  = {IEEE Trans. Image Process.})
@String(TVCG  = {IEEE Trans. Vis. Comput. Graph.})
@String(TMM  = {IEEE Trans. Multimedia})
@String(ACMMM= {ACM Int. Conf. Multimedia})
@String(ICME = {Int. Conf. Multimedia and Expo})
@String(ICASSP=	{ICASSP})
@String(ICIP = {IEEE Int. Conf. Image Process.})
@String(ACCV  = {ACCV})
@String(ICLR = {Int. Conf. Learn. Represent.})
@String(IJCAI = {IJCAI})
@String(PR   = {Pattern Recognition})
@String(AAAI = {AAAI})
@String(CVPRW= {IEEE Conf. Comput. Vis. Pattern Recog. Worksh.})
@String(CSVT = {IEEE Trans. Circuit Syst. Video Technol.})

@String(SPL	= {IEEE Sign. Process. Letters})
@String(VR   = {Vis. Res.})
@String(JOV	 = {J. Vis.})
@String(TVC  = {The Vis. Comput.})
@String(JCST  = {J. Comput. Sci. Tech.})
@String(CGF  = {Comput. Graph. Forum})
@String(CVM = {Computational Visual Media})

@String(PAMI  = {IEEE TPAMI})
@String(IJCV  = {IJCV})
@String(CVPR  = {CVPR})
@String(ICCV  = {ICCV})
@String(ECCV  = {ECCV})
@String(NIPS  = {NeurIPS})
@String(NeurIPS  = {NeurIPS})
@String(ICPR  = {ICPR})
@String(BMVC  =	{BMVC})
@String(TOG   = {ACM TOG})
@String(TIP   = {IEEE TIP})
@String(TVCG  = {IEEE TVCG})
@String(TCSVT = {IEEE TCSVT})
@String(TMM   =	{IEEE TMM})
@String(ACMMM = {ACM MM})
@String(ICME  =	{ICME})
@String(ICASSP=	{ICASSP})
@String(ICIP  = {ICIP})
@String(ACCV  = {ACCV})
@String(ICLR  = {ICLR})
@String(IJCAI = {IJCAI})
@String(PR = {PR})
@String(AAAI = {AAAI})
@String(CVPRW= {CVPRW})
@String(CSVT = {IEEE TCSVT})



@inproceedings{tulyakov2021time,
  title={Time lens: Event-based video frame interpolation},
  author={Tulyakov, Stepan and Gehrig, Daniel and Georgoulis, Stamatios and Erbach, Julius and Gehrig, Mathias and Li, Yuanyou and Scaramuzza, Davide},
  booktitle={Proceedings of the IEEE/CVF conference on computer vision and pattern recognition},
  pages={16155--16164},
  year={2021}
}

@inproceedings{wang2020eventsr,
  title={Eventsr: From asynchronous events to image reconstruction, restoration, and super-resolution via end-to-end adversarial learning},
  author={Wang, Lin and Kim, Tae-Kyun and Yoon, Kuk-Jin},
  booktitle={Proceedings of the IEEE/CVF Conference on Computer Vision and Pattern Recognition},
  pages={8315--8325},
  year={2020}
}

@inproceedings{zhang2022unifying,
  title={Unifying motion deblurring and frame interpolation with events},
  author={Zhang, Xiang and Yu, Lei},
  booktitle={Proceedings of the IEEE/CVF Conference on Computer Vision and Pattern Recognition},
  pages={17765--17774},
  year={2022}
}


@inproceedings{pan2019bringing,
  title={Bringing a blurry frame alive at high frame-rate with an event camera},
  author={Pan, Liyuan and Scheerlinck, Cedric and Yu, Xin and Hartley, Richard and Liu, Miaomiao and Dai, Yuchao},
  booktitle={Proceedings of the IEEE/CVF Conference on Computer Vision and Pattern Recognition},
  pages={6820--6829},
  year={2019}
}

@inproceedings{lin2020learning,
  title={Learning event-driven video deblurring and interpolation},
  author={Lin, Songnan and Zhang, Jiawei and Pan, Jinshan and Jiang, Zhe and Zou, Dongqing and Wang, Yongtian and Chen, Jing and Ren, Jimmy},
  booktitle={Computer Vision--ECCV 2020: 16th European Conference, Glasgow, UK, August 23--28, 2020, Proceedings, Part VIII 16},
  pages={695--710},
  year={2020},
  organization={Springer}
}

@inproceedings{wang2021asynchronous,
  title={An asynchronous kalman filter for hybrid event cameras},
  author={Wang, Ziwei and Ng, Yonhon and Scheerlinck, Cedric and Mahony, Robert},
  booktitle={Proceedings of the IEEE/CVF International Conference on Computer Vision},
  pages={448--457},
  year={2021}
}

@article{gao2022superfast,
  title={SuperFast: Video Frame Interpolation via Event Camera},
  author={Gao, Yue and Li, Siqi and Li, Yipeng and Guo, Yandong and Dai, Qionghai},
  journal={IEEE Transactions on Pattern Analysis and Machine Intelligence},
  year={2022},
  publisher={IEEE}
}


@inproceedings{paikin2021efi,
  title={Efi-net: Video frame interpolation from fusion of events and frames},
  author={Paikin, Genady and Ater, Yotam and Shaul, Roy and Soloveichik, Evgeny},
  booktitle={Proceedings of the IEEE/CVF Conference on Computer Vision and Pattern Recognition},
  pages={1291--1301},
  year={2021}
}


@article{kingma2014adam,
  title={Adam: A method for stochastic optimization},
  author={Kingma, Diederik P and Ba, Jimmy},
  journal={arXiv preprint arXiv:1412.6980},
  year={2014}
}

@inproceedings{park2021nerfies,
  title={Nerfies: Deformable neural radiance fields},
  author={Park, Keunhong and Sinha, Utkarsh and Barron, Jonathan T and Bouaziz, Sofien and Goldman, Dan B and Seitz, Steven M and Martin-Brualla, Ricardo},
  booktitle={Proceedings of the IEEE/CVF International Conference on Computer Vision},
  pages={5865--5874},
  year={2021}
}
@article{park2021hypernerf,
  title={Hypernerf: A higher-dimensional representation for topologically varying neural radiance fields},
  author={Park, Keunhong and Sinha, Utkarsh and Hedman, Peter and Barron, Jonathan T and Bouaziz, Sofien and Goldman, Dan B and Martin-Brualla, Ricardo and Seitz, Steven M},
  journal={arXiv preprint arXiv:2106.13228},
  year={2021}
}

@article{klenk2023nerf,
  title={E-nerf: Neural radiance fields from a moving event camera},
  author={Klenk, Simon and Koestler, Lukas and Scaramuzza, Davide and Cremers, Daniel},
  journal={IEEE Robotics and Automation Letters},
  volume={8},
  number={3},
  pages={1587--1594},
  year={2023},
  publisher={IEEE}
}